@misc{finn,
      title={Model-Agnostic Meta-Learning for Fast Adaptation of Deep Networks},
      author={Chelsea Finn and Pieter Abbeel and Sergey Levine},
      year={2017},
      eprint={1703.03400},
      archivePrefix={arXiv},
      primaryClass={cs.LG}
}
@misc{imp_maml,
      title={How to train your MAML},
      author={Antreas Antoniou and Harrison Edwards and Amos Storkey},
      year={2019},
      eprint={1810.09502},
      archivePrefix={arXiv},
      primaryClass={cs.LG}
}
@article{trpo,
  author    = {John Schulman and
               Sergey Levine and
               Philipp Moritz and
               Michael I. Jordan and
               Pieter Abbeel},
  title     = {Trust Region Policy Optimization},
  journal   = {CoRR},
  volume    = {abs/1502.05477},
  year      = {2015},
  url       = {http://arxiv.org/abs/1502.05477},
  archivePrefix = {arXiv},
  eprint    = {1502.05477},
  timestamp = {Mon, 13 Aug 2018 16:48:08 +0200},
  biburl    = {https://dblp.org/rec/journals/corr/SchulmanLMJA15.bib},
  bibsource = {dblp computer science bibliography, https://dblp.org}
}

@article{deepgait,
  author    = {Vassilios Tsounis and
               Mitja Alge and
               Joonho Lee and
               Farbod Farshidian and
               Marco Hutter},
  title     = {DeepGait: Planning and Control of Quadrupedal Gaits using Deep Reinforcement
               Learning},
  journal   = {CoRR},
  volume    = {abs/1909.08399},
  year      = {2019},
  url       = {http://arxiv.org/abs/1909.08399},
  archivePrefix = {arXiv},
  eprint    = {1909.08399},
  timestamp = {Tue, 24 Sep 2019 11:33:51 +0200},
  biburl    = {https://dblp.org/rec/journals/corr/abs-1909-08399.bib},
  bibsource = {dblp computer science bibliography, https://dblp.org}
}
